% This file was created with JabRef 2.10.
% Encoding: Cp1252


@Book{ben-tal,
  Title                    = {Robust Optimization},
  Author                   = {Ben-Tal, Aharon and El Ghaoui, Laurent and Nemirovski, Arkadi},
  Publisher                = {Princeton University Press},
  Year                     = {2009},

  Owner                    = {Annkathrin},
  Timestamp                = {2015.05.24}
}

@Article{diehlrobot,
  Title                    = {Fast Direct Multiple Shooting Algorithms for Optimal Robot Control},
  Author                   = {Diehl, Moritz and Bock, Hans Georg and Diedam, Holger and Wieber, Pierre-Brice},
  Journal                  = {Fast Motions in Biomechanics and Robotics},
  Year                     = {2005},

  Owner                    = {Annkathrin},
  Timestamp                = {2015.05.24}
}

@Article{diehl,
  Title                    = {An approximation technique for robust nonlinear optimization},
  Author                   = {Diehl, Moritz and Bock,Hans Georg and Kostina, Ekaterina},
  Journal                  = {Math. Program., Ser. B 107},
  Year                     = {2006},
  Pages                    = {213-230},

  Owner                    = {Annkathrin},
  Timestamp                = {2015.05.24}
}

@Book{gerdtsoptsteuerung,
  Title                    = {Optimale Steuerung},
  Author                   = {Gerdts, Matthias},
  Publisher                = {Universit\"{a}t W\"{u}rzburg},
  Year                     = {WiSe 2009/2010},

  Owner                    = {Annkathrin},
  Timestamp                = {2015.05.24}
}

@Book{Mitschke2014,
  Title                    = {Dynamik der Kraftfahrzeuge},
  Author                   = {Mitschke, Manfred and Wallentowitz, Henning},
  Publisher                = {Springer},
  Year                     = {2014},

  Owner                    = {Milz},
  Timestamp                = {2015.05.25}
}

@Book{Tipler2015,
  Title                    = {Physik für Wissenschaftler und Ingenieure},
  Author                   = {Tipler, Paul A. and Mosca, Gene},
  Publisher                = {SpringerSpektrum},
  Year                     = {2015},

  Owner                    = {Milz},
  Timestamp                = {2015.05.25}
}

